
@article{metropolis_nicholas_equation_1953,
	title = {Equation of state calculations by fast computing machines},
	author = {Metropolis, Nicholas},
	date = {1953}
}

@book{gelman_andrew_bayesian_nodate,
	edition = {3},
	title = {Bayesian Data Analysis},
	isbn = {978-1-4398-4095-5},
	author = {Gelman, Andrew}
}